Chronus Quantum User's Manual Bibliography File
Created:       Oct 30, 2015 by P.J. Lestrange
Last Modified: Oct 30, 2015 by P.J. Lestrange

@article{atlas,
  author  = {R. Clint Whaley and Antoine Petitet},
  title   = {Minimizing development and maintenance costs in supporting persistently optimized {BLAS}},
  journal = {Software: Practice and Experience},
  volume  = {35},
  number  = {2},
  pages   = {101--121},
  month   = {February},
  year    = {2005} }

@article{blas1,
  author  = {L. S. Blackford and J. Demmel and J. Dongarra and I. Duff and 
						 S. Hammarling and G. Henry and M. Heroux and L. Kaufman and 
             A. Lumsdaine and A. Petitet and R. Pozo and K. Remington and 
             R. C. Whaley},
  title   = {{An Updated Set of Basic Linear Algebra Subprograms (BLAS)}},
  journal = {ACM Transactions on Mathematical Software (TOMS)},
  volume  = {28},
  number  = {2},
  year    = {2002},
  pages   = {135—-151} }


@article{blas2,
  author  = {J. Dongarra}, 
  title   = {{Basic Linear Algebra Subprograms Technical Forum Standard}}, 
  journal = {International Journal of High Performance Applications and Supercomputing}, 
  volume  = {16},
  number  = {1},
  year    = {2002}, 
  pages   = {1-–111} }

@article{blas3,
  author  = {J. Dongarra}, 
  title   = {{Basic Linear Algebra Subprograms Technical Forum Standard}}, 
  journal = {International Journal of High Performance Applications and Supercomputing}, 
  volume  = {16},
  number  = {2},
  year    = {2002}, 
  pages   = {115--199} }

@book{boost,
  author    = {Boris Sch\"{a}ling}, 
  title     = {{The Boost C++ Libraries}},
  edition   = {{Second}},
  publisher = {XML Press},
  year      = {2014} }

@misc{btas,
  title = {{BTAS}},
  note  = {https://github.com/BTAS/BTAS} }

@misc{eigen,
  author       = {Ga\"{e}l Guennebaud and Beno\^{i}t Jacob and others},
  title        = {Eigen v3},
  howpublished = {http://eigen.tuxfamily.org},
  year         = {2010} }

@book{lapack,
	author= {Anderson, E. and Bai, Z. and Bischof, C. and
           Blackford, S. and Demmel, J. and Dongarra, J. and
           Du Croz, J. and Greenbaum, A. and Hammarling, S. and
           McKenney, A. and Sorensen, D.},
	title = {{LAPACK} Users' Guide},
  edition = {{Third}},
	publisher= {Society for Industrial and Applied Mathematics},
  year = {1999},
	address= {Philadelphia, PA},
  ISBN = {0-89871-447-8 (paperback)} } 

@Misc{libint14,
  author       = {E. F. Valeev},
  title        = {A library for the evaluation of molecular integrals of many-body operators over Gaussian functions},
  howpublished = {http://libint.valeyev.net/},
  year         = {2014} }

@Misc{libint15,
  author       = {E. F. Valeev},
  title        = {Libint: machine-generated library for efficient evaluation of molecular integrals over Gaussians, version 2.1.0},
  howpublished = {https://github.com/evaleev/libint},
	year         = {2015} }

@misc{hdf5,
    author       = {{The HDF Group}},
    title        = {{Hierarchical Data Format, version 5}},
    howpublished = {http://www.hdfgroup.org/HDF5/},
    year         = {1997-2015} }



